<?xml version="1.0" encoding="UTF-8"?><record xmlns="http://www.loc.gov/MARC21/slim" xmlns:cinclude="http://apache.org/cocoon/include/1.0" xmlns:zs="http://www.loc.gov/zing/srw/">
  <leader>00359nz  a2200133n  4500</leader>
  <controlfield tag="001">nb 97031538 </controlfield>
  <controlfield tag="003">DLC</controlfield>
  <controlfield tag="005">19970802110810.1</controlfield>
  <controlfield tag="008">970404n| acannaab|          |n aaa     c</controlfield>
  <datafield tag="010" ind1=" " ind2=" ">
    <subfield code="a">nb 97031538 </subfield>
  </datafield>
  <datafield tag="040" ind1=" " ind2=" ">
    <subfield code="a">Uk</subfield>
    <subfield code="c">Uk</subfield>
  </datafield>
  <datafield tag="100" ind1="1" ind2="0">
    <subfield code="a">Geoghegan, Do휍혖nall</subfield>
  </datafield>
  <datafield tag="667" ind1=" " ind2=" ">
    <subfield code="a">Not the same as: n80140393 Geoghegan, D.</subfield>
  </datafield>
  <datafield tag="670" ind1=" " ind2=" ">
    <subfield code="a">Youth in focus, 1996:</subfield>
    <subfield code="b">p.52 (Do휍혖nall Geoghegan)</subfield>
  </datafield>
</record>